<?xml version="1.0" encoding="UTF-8"?><collection xmlns="http://www.loc.gov/MARC21/slim"><record><leader>00564nam--2200181-i-4500</leader><controlfield tag="001">000047877</controlfield><controlfield tag="002">20161230</controlfield><controlfield tag="005">20161230201046</controlfield><controlfield tag="008">060222s1000------------r-----000-0-eng-d</controlfield><datafield ind1=" " ind2=" " tag="040"><subfield code="a">IFIN-HH</subfield></datafield><datafield ind1=" " ind2=" " tag="080"><subfield code="a">092</subfield></datafield><datafield ind1="1" ind2=" " tag="100"><subfield code="a">Birman, M.E</subfield></datafield><datafield ind1="1" ind2="0" tag="245"><subfield code="a">Yuri gagarin. pioneer in space. for senior forms of secondary schools. compiled and translated by:</subfield><subfield code="c">M.e. birman</subfield></datafield><datafield ind1=" " ind2=" " tag="260"><subfield code="a">Moscow</subfield><subfield code="b">Prosveshchwniye</subfield><subfield code="c">1976</subfield></datafield><datafield ind1=" " ind2=" " tag="300"><subfield code="a">112P.+FIG</subfield></datafield><datafield ind1=" " ind2=" " tag="500"><subfield code="a">Titlul Original In Limba Rusa: Iurii Gagarin - Pioner Kosmosa</subfield></datafield><datafield ind1=" " ind2=" " tag="852"><subfield code="a">80750</subfield><subfield code="c">523</subfield></datafield><datafield ind1=" " ind2=" " tag="CAT"><subfield code="a">Sys</subfield><subfield code="c">20141210</subfield><subfield code="h">144218</subfield></datafield></record></collection>